@article{some_article,
  title   = {Title},
  author  = {Author},
  year    = {2022},
  url     = {https://www.url.org/},
  urldate = {2000-01-01}
}